@article{lad03,
    author = {Lada, C. and Lada, E.},
    title = {Embedded Clusters in Molecular Clouds},
    journal = {Annual Reviews of A\&A},
    year = {2003}}

@article{fab09,
    author = {Fabrycky, D. and Winn, J.},
    title= {Exoplanetary Spin-Orbit Alignment: Results from the Ensemble of Rossiter-McLaughlin Observations},
    journal = {ApJ},
    year = {2009}}

@article{dai21,
    author={Dai, Y. et al},
    title={Planet Occurrence Rate Correlated to Stellar Dynamical History: Evidence from Kepler and Gaia},
    journal = {ApJ},
    year = {2021}}

@article{par20,
      title={The birth environment of planetary systems}, 
      author={Richard J. Parker},
      year={2020},
      eprint={2007.07890},
      archivePrefix={arXiv},
      primaryClass={astro-ph.EP}
}

@article{pfa16,
   title={Observational constraints on star cluster formation theory},
   volume={586},
   ISSN={1432-0746},
   url={http://dx.doi.org/10.1051/0004-6361/201527449},
   DOI={10.1051/0004-6361/201527449},
   journal={Astronomy & Astrophysics},
   publisher={EDP Sciences},
   author={Pfalzner, S. and Kirk, H. and Sills, A. and Urquhart, J. S. and Kauffmann, J. and Kuhn, M. A. and Bhandare, A. and Menten, K. M.},
   year={2016},
   month={Jan},
   pages={A68}
}

@article{car97,
    title={Properties of the Monoceros R2 Stellar Cluster},
    author={Carpenter, J.M. and Meyer, M. R. and Dougados, C. and Strom, S. E.},
    journal={The Astronomical Journal},
    year={1997},
    volume={114}}

@article{lev10,
    author={Levison, H. F. and Duncan, M. J. and Brasser, R. and and Kaufmann, D. E.},
    title={Capture of the Sun's Oort Cloud from Stars in Its Birth Cluster},
    journal={Science Magazine},
    year={2010},
    volume={329},
    DOI={10.1126/science.187535}}
@article{cha03,
   title={Galactic Stellar and Substellar Initial Mass Function},
   volume={115},
   ISSN={1538-3873},
   url={http://dx.doi.org/10.1086/376392},
   DOI={10.1086/376392},
   number={809},
   journal={Publications of the Astronomical Society of the Pacific},
   publisher={IOP Publishing},
   author={Chabrier, G.},
   year={2003},
   month={Jul},
   pages={763–795}
}

@article{wei04,
   title={Evidence for a fundamental stellar upper mass limit from clustered star formation},
   volume={348},
   ISSN={1365-2966},
   url={http://dx.doi.org/10.1111/j.1365-2966.2004.07340.x},
   DOI={10.1111/j.1365-2966.2004.07340.x},
   number={1},
   journal={Monthly Notices of the Royal Astronomical Society},
   publisher={Oxford University Press (OUP)},
   author={Weidner, C. and Kroupa, P.},
   year={2004},
   month={Feb},
   pages={187–191}
}

@article{plu11,
title={On the problem of distribution in globular star clusters},
author={Plummer, H. C.},
year={1911},
journal={MNRAS},
volume={71}}

@article{bru17,
   title={Search for giant planets in M 67},
   volume={603},
   ISSN={1432-0746},
   url={http://dx.doi.org/10.1051/0004-6361/201527562},
   DOI={10.1051/0004-6361/201527562},
   journal={Astronomy & Astrophysics},
   publisher={EDP Sciences},
   author={Brucalassi, A. and Koppenhoefer, J. and Saglia, R. and Pasquini, L. and Ruiz, M. T. and Bonifacio, P. and Bedin, L. R. and Libralato, M. and Biazzo, K. and Melo, C. and et al.},
   year={2017},
   month={Jul},
   pages={A85}
}

@article{daw18,
   title={Origins of Hot Jupiters},
   volume={56},
   ISSN={1545-4282},
   url={http://dx.doi.org/10.1146/annurev-astro-081817-051853},
   DOI={10.1146/annurev-astro-081817-051853},
   number={1},
   journal={Annual Review of Astronomy and Astrophysics},
   publisher={Annual Reviews},
   author={Dawson, Rebekah I. and Johnson, John Asher},
   year={2018},
   month={Sep},
   pages={175–221}
}
@article{dro20,
   title={A significant mutual inclination between the planets within the π Mensae system},
   volume={640},
   ISSN={1432-0746},
   url={http://dx.doi.org/10.1051/0004-6361/202038496},
   DOI={10.1051/0004-6361/202038496},
   journal={Astronomy \& Astrophysics},
   publisher={EDP Sciences},
   author={De Rosa, Robert J. and Dawson, Rebekah and Nielsen, Eric L.},
   year={2020},
   month={Aug},
   pages={A73}
}

@article{cat20,
   title={Dynamical evolution of a young planetary system: stellar flybys in co-planar orbital configuration},
   volume={365},
   ISSN={1572-946X},
   url={http://dx.doi.org/10.1007/s10509-020-03885-4},
   DOI={10.1007/s10509-020-03885-4},
   number={10},
   journal={Astrophysics and Space Science},
   publisher={Springer Science and Business Media LLC},
   author={Cattolico, Raffaele Stefano and Capuzzo-Dolcetta, Roberto},
   year={2020},
   month={Oct}
}

@article{hod21,
title={Orbital misalignment of the super-Earth $\pi$ Men c with the spin of its star},
journal={MNRAS},
year={2021},
author={Hodzic, V.K. amd Triaud, A. H. M. J. and Cegla, H.M. and Chaplin, W.J. and Davies, G.R.}}

@article{cam16,
	doi = {10.3847/0004-637x/819/1/85},
	url = {https://doi.org/10.3847/0004-637x/819/1/85},
	year = 2016,
	month = {mar},
	publisher = {American Astronomical Society},
	volume = {819},
	number = {1},
	pages = {85},
	author = {T. L. Campante and M. N. Lund and J. S. Kuszlewicz and G. R. Davies and W. J. Chaplin and S. Albrecht and J. N. Winn and T. R. Bedding and O. Benomar and D. Bossini and R. Handberg and A. R. G. Santos and V. Van Eylen and S. Basu and J. Christensen-Dalsgaard and Y. P. Elsworth and S. Hekker and T. Hirano and D. Huber and C. Karoff and H. Kjeldsen and M. S. Lundkvist and T. S. H. North and V. Silva Aguirre and D. Stello and T. R. White},
	title = {{SPIN}{\textendash}{ORBIT} {ALIGNMENT} {OF} {EXOPLANET} {SYSTEMS}: {ENSEMBLE} {ANALYSIS} {USING} {ASTEROSEISMOLOGY}},
	journal = {The Astrophysical Journal}}

@article{kai17,
   title={Simulations of the Fomalhaut system within its local galactic environment},
   volume={473},
   ISSN={1365-2966},
   url={http://dx.doi.org/10.1093/mnras/stx2456},
   DOI={10.1093/mnras/stx2456},
   number={1},
   journal={Monthly Notices of the Royal Astronomical Society},
   publisher={Oxford University Press (OUP)},
   author={Kaib, Nathan A. and White, Ethan B. and Izidoro, André},
   year={2017},
   month={Sep},
   pages={470–491}
}

@ARTICLE{cha99,
       author = {{Chambers}, J.~E.},
        title = "{A hybrid symplectic integrator that permits close encounters between massive bodies}",
      journal = {\mnras},
     keywords = {ACCRETION, ACCRETION DISCS, METHODS: NUMERICAL, CELESTIAL MECHANICS, STELLAR DYNAMICS, SOLAR SYSTEM: GENERAL},
         year = 1999,
        month = apr,
       volume = {304},
       number = {4},
        pages = {793-799},
          doi = {10.1046/j.1365-8711.1999.02379.x},
       adsurl = {https://ui.adsabs.harvard.edu/abs/1999MNRAS.304..793C},
      adsnote = {Provided by the SAO/NASA Astrophysics Data System}
}

@ARTICLE{cha02,
       author = {{Chambers}, John E. and {Quintana}, Elisa V. and {Duncan}, Martin J. and {Lissauer}, Jack J.},
        title = "{Symplectic Integrator Algorithms for Modeling Planetary Accretion in Binary Star Systems}",
      journal = {\aj},
     keywords = {Celestial Mechanics, Methods: N-Body Simulations, Methods: Numerical},
         year = 2002,
        month = may,
       volume = {123},
       number = {5},
        pages = {2884-2894},
          doi = {10.1086/340074},
       adsurl = {https://ui.adsabs.harvard.edu/abs/2002AJ....123.2884C},
      adsnote = {Provided by the SAO/NASA Astrophysics Data System}
}


@article{bat12,
author = {Batygin, K. A.},
title={A primordial origin for misalignments between stellar spin axes and planetary orbits},
journal={Nature},
year={2012},
volume={491},
pages={418-420},
doi={10.1038/nature.11560}}

@article{sad17,
   title={Embedded binaries and their dense cores},
   volume={469},
   ISSN={1365-2966},
   url={http://dx.doi.org/10.1093/mnras/stx1061},
   DOI={10.1093/mnras/stx1061},
   number={4},
   journal={Monthly Notices of the Royal Astronomical Society},
   publisher={Oxford University Press (OUP)},
   author={Sadavoy, Sarah I. and Stahler, Steven W.},
   year={2017},
   month={May},
   pages={3881–3900}
}

@ARTICLE{hol99,
       author = {{Holman}, Matthew J. and {Wiegert}, Paul A.},
        title = "{Long-Term Stability of Planets in Binary Systems}",
      journal = {\aj},
     keywords = {STARS: BINARIES: GENERAL, CELESTIAL MECHANICS, STELLAR DYNAMICS, STARS: PLANETARY SYSTEMS, Astrophysics},
         year = 1999,
        month = jan,
       volume = {117},
       number = {1},
        pages = {621-628},
          doi = {10.1086/300695},
archivePrefix = {arXiv},
       eprint = {astro-ph/9809315},
 primaryClass = {astro-ph},
       adsurl = {https://ui.adsabs.harvard.edu/abs/1999AJ....117..621H},
      adsnote = {Provided by the SAO/NASA Astrophysics Data System}
}


@ARTICLE{jen14,
       author = {{Jensen}, Eric L. and {Akeson}, Rachel},
        title = "{Misaligned protoplanetary disks in a young binary star system}",
      journal = {\nat},
     keywords = {Astrophysics - Solar and Stellar Astrophysics, Astrophysics - Earth and Planetary Astrophysics},
         year = 2014,
        month = jul,
       volume = {511},
       number = {7511},
        pages = {567-569},
          doi = {10.1038/nature13521},
archivePrefix = {arXiv},
       eprint = {1407.8211},
 primaryClass = {astro-ph.SR},
       adsurl = {https://ui.adsabs.harvard.edu/abs/2014Natur.511..567J},
      adsnote = {Provided by the SAO/NASA Astrophysics Data System}
}

@ARTICLE{har77,
       author = {{Harrington}, R.~S.},
        title = "{Planetary orbits in binary stars.}",
      journal = {\aj},
     keywords = {Binary Stars, Celestial Mechanics, Extraterrestrial Life, Planetary Orbits, Three Body Problem, Astrometry, Circular Orbits, Eccentricity, Habitability, Motion Stability, Numerical Integration, Planetary Environments, Solar System, Astronomy},
         year = 1977,
        month = sep,
       volume = {82},
        pages = {753-756},
          doi = {10.1086/112121},
       adsurl = {https://ui.adsabs.harvard.edu/abs/1977AJ.....82..753H},
      adsnote = {Provided by the SAO/NASA Astrophysics Data System}
}

@ARTICLE{lam18,
       author = {{Lam}, Christopher and {Kipping}, David},
        title = "{A machine learns to predict the stability of circumbinary planets}",
      journal = {\mnras},
     keywords = {methods: numerical, methods: statistical, planets and satellites: dynamical evolution and stability, binaries: general, planetary systems, Astrophysics - Earth and Planetary Astrophysics},
         year = 2018,
        month = jun,
       volume = {476},
       number = {4},
        pages = {5692-5697},
          doi = {10.1093/mnras/sty022},
archivePrefix = {arXiv},
       eprint = {1801.03955},
 primaryClass = {astro-ph.EP},
       adsurl = {https://ui.adsabs.harvard.edu/abs/2018MNRAS.476.5692L},
      adsnote = {Provided by the SAO/NASA Astrophysics Data System}
}

@ARTICLE{dvo86,
       author = {{Dvorak}, R.},
        title = "{Critical orbits in the elliptic restricted three-body problem.}",
      journal = {\aap},
     keywords = {Binary Stars, Elliptical Orbits, Planetary Orbits, Three Body Problem, Eccentricity, Lagrangian Equilibrium Points, Libration, Mass Ratios, Stability, Astrophysics, Periodic Orbits:Three-Body Problem, Three-Body Problem:Periodic Orbits, Three-Body Problem:Restricted, Three-Body Problem:Stability},
         year = 1986,
        month = oct,
       volume = {167},
        pages = {379-386},
       adsurl = {https://ui.adsabs.harvard.edu/abs/1986A&A...167..379D},
      adsnote = {Provided by the SAO/NASA Astrophysics Data System}
}

@ARTICLE{dun98,
       author = {{Duncan}, Martin J. and {Levison}, Harold F. and {Lee}, Man Hoi},
        title = "{A Multiple Time Step Symplectic Algorithm for Integrating Close Encounters}",
      journal = {\aj},
     keywords = {CELESTIAL MECHANICS, STELLAR DYNAMICS, METHODS: NUMERICAL, STARS: PLANETARY SYSTEMS, SOLAR SYSTEM: GENERAL},
         year = 1998,
        month = oct,
       volume = {116},
       number = {4},
        pages = {2067-2077},
          doi = {10.1086/300541},
       adsurl = {https://ui.adsabs.harvard.edu/abs/1998AJ....116.2067D},
      adsnote = {Provided by the SAO/NASA Astrophysics Data System}
}

@ARTICLE{kai11,
       author = {{Kaib}, Nathan A. and {Raymond}, Sean N. and {Duncan}, Martin J.},
        title = "{55 Cancri: A Coplanar Planetary System That is Likely Misaligned with Its Star}",
      journal = {\apjl},
     keywords = {planets and satellites: detection, planets and satellites: dynamical evolution and stability, planets and satellites: formation, planets and satellites: general, Astrophysics - Earth and Planetary Astrophysics, Astrophysics - Solar and Stellar Astrophysics},
         year = 2011,
        month = dec,
       volume = {742},
       number = {2},
          eid = {L24},
        pages = {L24},
          doi = {10.1088/2041-8205/742/2/L24},
archivePrefix = {arXiv},
       eprint = {1110.5911},
 primaryClass = {astro-ph.EP},
       adsurl = {https://ui.adsabs.harvard.edu/abs/2011ApJ...742L..24K},
      adsnote = {Provided by the SAO/NASA Astrophysics Data System}
}

@ARTICLE{rec09,
       author = {{Reche}, R. and {Beust}, H. and {Augereau}, J. -C.},
        title = "{Investigating the flyby scenario for the HD 141569 system}",
      journal = {\aap},
     keywords = {celestial mechanics, stars: planetary systems, methods: N-body simulations, stars: individual: <ASTROBJ>HD 141569</ASTROBJ>, methods: analytical, Astrophysics},
         year = 2009,
        month = jan,
       volume = {493},
       number = {2},
        pages = {661-669},
          doi = {10.1051/0004-6361:200810419},
archivePrefix = {arXiv},
       eprint = {0809.4421},
 primaryClass = {astro-ph},
       adsurl = {https://ui.adsabs.harvard.edu/abs/2009A&A...493..661R},
      adsnote = {Provided by the SAO/NASA Astrophysics Data System}
}

@ARTICLE{wis91,
       author = {{Wisdom}, Jack and {Holman}, Matthew},
        title = "{Symplectic maps for the N-body problem.}",
      journal = {\aj},
     keywords = {Many Body Problem, Planetary Evolution, Pluto (Planet), Astronomical Maps, Gravitational Effects, Physics (General)},
         year = 1991,
        month = oct,
       volume = {102},
        pages = {1528-1538},
          doi = {10.1086/115978},
       adsurl = {https://ui.adsabs.harvard.edu/abs/1991AJ....102.1528W},
      adsnote = {Provided by the SAO/NASA Astrophysics Data System}
}

@ARTICLE{beu14,
       author = {{Beust}, H. and {Augereau}, J. -C. and {Bonsor}, A. and {Graham}, J.~R. and {Kalas}, P. and {Lebreton}, J. and {Lagrange}, A. -M. and {Ertel}, S. and {Faramaz}, V. and {Th{\'e}bault}, P.},
        title = "{An independent determination of Fomalhaut b's orbit and the dynamical effects on the outer dust belt}",
      journal = {\aap},
     keywords = {planetary systems, stars: individual: Fomalhaut, methods: numerical, celestial mechanics, planets and satellites: dynamical evolution and stability, planet-disk interactions, Astrophysics - Solar and Stellar Astrophysics},
         year = 2014,
        month = jan,
       volume = {561},
          eid = {A43},
        pages = {A43},
          doi = {10.1051/0004-6361/201322229},
archivePrefix = {arXiv},
       eprint = {1311.5035},
 primaryClass = {astro-ph.SR},
       adsurl = {https://ui.adsabs.harvard.edu/abs/2014A&A...561A..43B},
      adsnote = {Provided by the SAO/NASA Astrophysics Data System}
}

@ARTICLE{beu03,
       author = {{Beust}, H.},
        title = "{Symplectic integration of hierarchical stellar systems}",
      journal = {\aap},
     keywords = {methods: N-body simulations, methods: numerical, celestial mechanics, stars: binaries: general\textbackslash, stars: circumstellar matter},
         year = 2003,
        month = mar,
       volume = {400},
        pages = {1129-1144},
          doi = {10.1051/0004-6361:20030065},
       adsurl = {https://ui.adsabs.harvard.edu/abs/2003A&A...400.1129B},
      adsnote = {Provided by the SAO/NASA Astrophysics Data System}
}

@ARTICLE{bat03,
       author = {{Bate}, Matthew R. and {Bonnell}, Ian A. and {Bromm}, Volker},
        title = "{The formation of a star cluster: predicting the properties of stars and brown dwarfs}",
      journal = {\mnras},
     keywords = {accretion, accretion discs, hydrodynamics, binaries: general, stars: formation, stars: low-mass, brown dwarfs, stars: luminosity function, mass function, Astrophysics},
         year = 2003,
        month = mar,
       volume = {339},
       number = {3},
        pages = {577-599},
          doi = {10.1046/j.1365-8711.2003.06210.x},
archivePrefix = {arXiv},
       eprint = {astro-ph/0212380},
 primaryClass = {astro-ph},
       adsurl = {https://ui.adsabs.harvard.edu/abs/2003MNRAS.339..577B},
      adsnote = {Provided by the SAO/NASA Astrophysics Data System}
}

@ARTICLE{ina97,
       author = {{Innanen}, K.~A. and {Zheng}, J.~Q. and {Mikkola}, S. and {Valtonen}, M.~J.},
        title = "{The Kozai Mechanism and the Stability of Planetary Orbits in Binary Star Systems}",
      journal = {\aj},
     keywords = {BINARIES: GENERAL, CELESTIAL MECHANICS, INSTABILITIES},
         year = 1997,
        month = may,
       volume = {113},
        pages = {1915},
          doi = {10.1086/118405},
       adsurl = {https://ui.adsabs.harvard.edu/abs/1997AJ....113.1915I},
      adsnote = {Provided by the SAO/NASA Astrophysics Data System}
}

@ARTICLE{wie97,
       author = {{Wiegert}, Paul A. and {Holman}, Matt J.},
        title = "{The Stability of Planets in the Alpha Centauri System}",
      journal = {\aj},
     keywords = {Astrophysics},
         year = 1997,
        month = apr,
       volume = {113},
        pages = {1445-1450},
          doi = {10.1086/118360},
archivePrefix = {arXiv},
       eprint = {astro-ph/9609106},
 primaryClass = {astro-ph},
       adsurl = {https://ui.adsabs.harvard.edu/abs/1997AJ....113.1445W},
      adsnote = {Provided by the SAO/NASA Astrophysics Data System}
}

@article{bat11,
   title={Formation and evolution of planetary systems in presence of highly inclined stellar perturbers},
   volume={533},
   ISSN={1432-0746},
   url={http://dx.doi.org/10.1051/0004-6361/201117193},
   DOI={10.1051/0004-6361/201117193},
   journal={Astronomy & Astrophysics},
   publisher={EDP Sciences},
   author={Batygin, K. and Morbidelli, A. and Tsiganis, K.},
   year={2011},
   month={Aug},
   pages={A7}
}

@ARTICLE{mal07,
       author = {{Malmberg}, Daniel and {de Angeli}, Francesca and {Davies}, Melvyn B. and {Church}, Ross P. and {Mackey}, Dougal and {Wilkinson}, Mark I.},
        title = "{Close encounters in young stellar clusters: implications for planetary systems in the solar neighbourhood}",
      journal = {\mnras},
     keywords = {stellar dynamics, celestial mechanics, binaries: general, planetary systems, open clusters and associations: general, Astrophysics},
         year = 2007,
        month = jul,
       volume = {378},
       number = {3},
        pages = {1207-1216},
          doi = {10.1111/j.1365-2966.2007.11885.x},
archivePrefix = {arXiv},
       eprint = {astro-ph/0702524},
 primaryClass = {astro-ph},
       adsurl = {https://ui.adsabs.harvard.edu/abs/2007MNRAS.378.1207M},
      adsnote = {Provided by the SAO/NASA Astrophysics Data System}
}

@ARTICLE{mal11,
       author = {{Malmberg}, Daniel and {Davies}, Melvyn B. and {Heggie}, Douglas C.},
        title = "{The effects of fly-bys on planetary systems}",
      journal = {\mnras},
     keywords = {celestial mechanics, planet-star interactions, stars: kinematics and dynamics, planetary systems, open clusters and associations: general, Astrophysics - Earth and Planetary Astrophysics, Astrophysics - Solar and Stellar Astrophysics},
         year = 2011,
        month = feb,
       volume = {411},
       number = {2},
        pages = {859-877},
          doi = {10.1111/j.1365-2966.2010.17730.x},
archivePrefix = {arXiv},
       eprint = {1009.4196},
 primaryClass = {astro-ph.EP},
       adsurl = {https://ui.adsabs.harvard.edu/abs/2011MNRAS.411..859M},
      adsnote = {Provided by the SAO/NASA Astrophysics Data System}
}

@ARTICLE{bre19,
       author = {{Breslau}, Andreas and {Pfalzner}, Susanne},
        title = "{Creating retrogradely orbiting planets by prograde stellar fly-bys}",
      journal = {\aap},
     keywords = {methods: numerical, protoplanetary disks, gravitation, planets and satellites: dynamical evolution and stability, scattering, Astrophysics - Earth and Planetary Astrophysics},
         year = 2019,
        month = jan,
       volume = {621},
          eid = {A101},
        pages = {A101},
          doi = {10.1051/0004-6361/201833729},
archivePrefix = {arXiv},
       eprint = {1812.04104},
 primaryClass = {astro-ph.EP},
       adsurl = {https://ui.adsabs.harvard.edu/abs/2019A&A...621A.101B},
      adsnote = {Provided by the SAO/NASA Astrophysics Data System}
}

@ARTICLE{hao13,
       author = {{Hao}, W. and {Kouwenhoven}, M.~B.~N. and {Spurzem}, R.},
        title = "{The dynamical evolution of multiplanet systems in open clusters}",
      journal = {\mnras},
     keywords = {planets and satellites: dynamical evolution and stability, planetary systems, Astrophysics - Earth and Planetary Astrophysics},
         year = 2013,
        month = jul,
       volume = {433},
       number = {1},
        pages = {867-877},
          doi = {10.1093/mnras/stt771},
archivePrefix = {arXiv},
       eprint = {1305.1413},
 primaryClass = {astro-ph.EP},
       adsurl = {https://ui.adsabs.harvard.edu/abs/2013MNRAS.433..867H},
      adsnote = {Provided by the SAO/NASA Astrophysics Data System (MCMC scattering experiment)}
}

@ARTICLE{fab07,
       author = {{Fabrycky}, Daniel and {Tremaine}, Scott},
        title = "{Shrinking Binary and Planetary Orbits by Kozai Cycles with Tidal Friction}",
      journal = {\apj},
     keywords = {Stars: Binaries: Close, Celestial Mechanics, Methods: Statistical, Stars: Planetary Systems, Astrophysics},
         year = 2007,
        month = nov,
       volume = {669},
       number = {2},
        pages = {1298-1315},
          doi = {10.1086/521702},
archivePrefix = {arXiv},
       eprint = {0705.4285},
 primaryClass = {astro-ph},
       adsurl = {https://ui.adsabs.harvard.edu/abs/2007ApJ...669.1298F},
      adsnote = {Provided by the SAO/NASA Astrophysics Data System}
}

@ARTICLE{tok16,
       author = {{Tokovinin}, A. and {Kiyaeva}, O.},
        title = "{Eccentricity distribution of wide binaries}",
      journal = {\mnras},
     keywords = {methods: statistical, binaries: visual, Astrophysics - Solar and Stellar Astrophysics},
         year = 2016,
        month = feb,
       volume = {456},
       number = {2},
        pages = {2070-2079},
          doi = {10.1093/mnras/stv2825},
archivePrefix = {arXiv},
       eprint = {1512.00278},
 primaryClass = {astro-ph.SR},
       adsurl = {https://ui.adsabs.harvard.edu/abs/2016MNRAS.456.2070T},
      adsnote = {Provided by the SAO/NASA Astrophysics Data System}
}

@ARTICLE{bon94,
       author = {{Bonnell}, I.~A. and {Bate}, M.~R.},
        title = "{The Formation of Close Binary Systems}",
      journal = {\mnras},
     keywords = {ACCRETION DISKS, BINARY STARS, COMPUTATIONAL ASTROPHYSICS, STAR FORMATION, PRE-MAIN SEQUENCE STARS, PROTOSTARS, HYDRODYNAMICS, Astrophysics},
         year = 1994,
        month = dec,
       volume = {271},
        pages = {999-1004},
          doi = {10.1093/mnras/271.4.999},
archivePrefix = {arXiv},
       eprint = {astro-ph/9411081},
 primaryClass = {astro-ph},
       adsurl = {https://ui.adsabs.harvard.edu/abs/1994MNRAS.271..999B},
      adsnote = {Provided by the SAO/NASA Astrophysics Data System}
}

@ARTICLE{tur09,
       author = {{Turk}, Matthew J. and {Abel}, Tom and {O'Shea}, Brian},
        title = "{The Formation of Population III Binaries from Cosmological Initial Conditions}",
      journal = {Science},
     keywords = {ASTRONOMY, Astrophysics - Cosmology and Extragalactic Astrophysics},
         year = 2009,
        month = jul,
       volume = {325},
       number = {5940},
        pages = {601},
          doi = {10.1126/science.1173540},
archivePrefix = {arXiv},
       eprint = {0907.2919},
 primaryClass = {astro-ph.CO},
       adsurl = {https://ui.adsabs.harvard.edu/abs/2009Sci...325..601T},
      adsnote = {Provided by the SAO/NASA Astrophysics Data System}
}

@ARTICLE{pri95,
       author = {{Price}, Nigel M. and {Podsiadlowski}, Ph.},
        title = "{Dynamical interactions between young stellar objects and a collisional model for the origin of the stellar mass spectrum}",
      journal = {\mnras},
     keywords = {BINARIES: GENERAL, STARS: FORMATION, STARS: LUMINOSITY FUNCTION, MASS FUNCTION, ISM: CLOUDS, GLOBULAR CLUSTERS: GENERAL, OPEN CLUSTERS AND ASSOCIATIONS: GENERAL},
         year = 1995,
        month = apr,
       volume = {273},
       number = {4},
        pages = {1041-1068},
          doi = {10.1093/mnras/273.4.1041},
       adsurl = {https://ui.adsabs.harvard.edu/abs/1995MNRAS.273.1041P},
      adsnote = {Provided by the SAO/NASA Astrophysics Data System}
}

@ARTICLE{bat00,
       author = {{Bate}, Matthew R.},
        title = "{Predicting the properties of binary stellar systems: the evolution of accreting protobinary systems}",
      journal = {\mnras},
     keywords = {ACCRETION, ACCRETION DISCS, BINARIES: GENERAL, CIRCUMSTELLAR MATTER, STARS: FORMATION, STARS: LOW-MASS, BROWN DWARFS, STARS: LUMINOSITY FUNCTION, MASS FUNCTION, Astrophysics},
         year = 2000,
        month = may,
       volume = {314},
       number = {1},
        pages = {33-53},
          doi = {10.1046/j.1365-8711.2000.03333.x},
archivePrefix = {arXiv},
       eprint = {astro-ph/0002143},
 primaryClass = {astro-ph},
       adsurl = {https://ui.adsabs.harvard.edu/abs/2000MNRAS.314...33B},
      adsnote = {Provided by the SAO/NASA Astrophysics Data System}
}

@INPROCEEDINGS{kro01,
       author = {{Kroupa}, Pavel},
        title = "{Binary Stars in Young Clusters -- a Theoretical Perspective}",
     keywords = {CLUSTER DYNAMICS -- MASS SEGREGATION --, STELLAR EJECTION -- BINARY SYSTEMS -- MASSIVE STARS -, BROWN DWARFS, Astrophysics},
    booktitle = {The Formation of Binary Stars},
         year = 2001,
       editor = {{Zinnecker}, H. and {Mathieu}, R.},
       volume = {200},
        month = jan,
        pages = {199},
archivePrefix = {arXiv},
       eprint = {astro-ph/0010347},
 primaryClass = {astro-ph},
       adsurl = {https://ui.adsabs.harvard.edu/abs/2001IAUS..200..199K},
      adsnote = {Provided by the SAO/NASA Astrophysics Data System}
}

@ARTICLE{krobur01,
       author = {{Kroupa}, Pavel and {Burkert}, Andreas},
        title = "{On the Origin of the Distribution of Binary Star Periods}",
      journal = {\apj},
     keywords = {Stars: Binaries: General, methods: N-body simulations, Galaxy: Open Clusters and Associations: General, Stars: Formation, Stars: Late-Type, Astrophysics},
         year = 2001,
        month = jul,
       volume = {555},
       number = {2},
        pages = {945-949},
          doi = {10.1086/321515},
archivePrefix = {arXiv},
       eprint = {astro-ph/0103429},
 primaryClass = {astro-ph},
       adsurl = {https://ui.adsabs.harvard.edu/abs/2001ApJ...555..945K},
      adsnote = {Provided by the SAO/NASA Astrophysics Data System}
}

@ARTICLE{hag07,
       author = {{Haghighipour}, Nader and {Raymond}, Sean N.},
        title = "{Habitable Planet Formation in Binary Planetary Systems}",
      journal = {\apj},
     keywords = {Stars: Binaries: Close, Celestial Mechanics, Stars: Planetary Systems, Planets and Satellites: Formation, Solar System: Formation, Astrophysics},
         year = 2007,
        month = sep,
       volume = {666},
       number = {1},
        pages = {436-446},
          doi = {10.1086/520501},
archivePrefix = {arXiv},
       eprint = {astro-ph/0702706},
 primaryClass = {astro-ph},
       adsurl = {https://ui.adsabs.harvard.edu/abs/2007ApJ...666..436H},
      adsnote = {Provided by the SAO/NASA Astrophysics Data System}
}

@ARTICLE{sah94,
       author = {{Saha}, Prasenjit and {Tremaine}, Scott},
        title = "{Long-Term Planetary Integration With Individual Time Steps}",
      journal = {\aj},
     keywords = {Algorithms, Astronomical Models, Error Analysis, Hamiltonian Functions, Kepler Laws, Many Body Problem, Numerical Integration, Orbit Calculation, Relativistic Effects, Solar Orbits, Time Marching, Equations Of Motion, Mathematical Models, Astrophysics, CELESTIAL MECHANICS, INSTABILITIES, SOLAR SYSTEM: GENERAL, Astrophysics},
         year = 1994,
        month = nov,
       volume = {108},
        pages = {1962},
          doi = {10.1086/117210},
archivePrefix = {arXiv},
       eprint = {astro-ph/9403057},
 primaryClass = {astro-ph},
       adsurl = {https://ui.adsabs.harvard.edu/abs/1994AJ....108.1962S},
      adsnote = {Provided by the SAO/NASA Astrophysics Data System}
}

@ARTICLE{sah92,
       author = {{Saha}, Prasenjit and {Tremaine}, Scott},
        title = "{Symplectic Integrators for Solar System Dynamics}",
      journal = {\aj},
     keywords = {Hamiltonian Functions, Integrators, Orbital Mechanics, Solar Orbits, Solar System, Numerical Integration, Perturbation, Two Body Problem, Astronomy, SOLAR SYSTEM: GENERAL, ASTROMETRY},
         year = 1992,
        month = oct,
       volume = {104},
        pages = {1633},
          doi = {10.1086/116347},
       adsurl = {https://ui.adsabs.harvard.edu/abs/1992AJ....104.1633S},
      adsnote = {Provided by the SAO/NASA Astrophysics Data System}
}

@ARTICLE{koz62,
       author = {{Kozai}, Yoshihide},
        title = "{Secular perturbations of asteroids with high inclination and eccentricity}",
      journal = {\aj},
         year = 1962,
        month = nov,
       volume = {67},
        pages = {591-598},
          doi = {10.1086/108790},
       adsurl = {https://ui.adsabs.harvard.edu/abs/1962AJ.....67..591K},
      adsnote = {Provided by the SAO/NASA Astrophysics Data System}
}

@ARTICLE{ros24,
       author = {{Rossiter}, R.~A.},
        title = "{On the detection of an effect of rotation during eclipse in the velocity of the brigher component of beta Lyrae, and on the constancy of velocity of this system.}",
      journal = {\apj},
         year = 1924,
        month = jul,
       volume = {60},
        pages = {15-21},
          doi = {10.1086/142825},
       adsurl = {https://ui.adsabs.harvard.edu/abs/1924ApJ....60...15R},
      adsnote = {Provided by the SAO/NASA Astrophysics Data System}
}

@ARTICLE{ada06,
       author = {{Adams}, Fred C. and {Proszkow}, Eva M. and {Fatuzzo}, Marco and {Myers}, Philip C.},
        title = "{Early Evolution of Stellar Groups and Clusters: Environmental Effects on Forming Planetary Systems}",
      journal = {\apj},
     keywords = {Galaxy: Open Clusters and Associations: General, Planets and Satellites: Formation, Stars: Formation, Astrophysics},
         year = 2006,
        month = apr,
       volume = {641},
       number = {1},
        pages = {504-525},
          doi = {10.1086/500393},
archivePrefix = {arXiv},
       eprint = {astro-ph/0512330},
 primaryClass = {astro-ph},
       adsurl = {https://ui.adsabs.harvard.edu/abs/2006ApJ...641..504A},
      adsnote = {Provided by the SAO/NASA Astrophysics Data System}
}

@ARTICLE{dlfm97,
       author = {{de la Fuente Marcos}, C. and {de la Fuente Marcos}, R.},
        title = "{Eccentric giant planets in open star clusters.}",
      journal = {\aap},
     keywords = {CELESTIAL MECHANICS, STELLAR DYNAMICS, PLANETS AND SATELLITES: GENERAL, PLANETARY SYSTEMS, OPEN CLUSTERS AND ASSOCIATIONS: GENERAL},
         year = 1997,
        month = oct,
       volume = {326},
        pages = {L21-L24},
       adsurl = {https://ui.adsabs.harvard.edu/abs/1997A&A...326L..21D},
      adsnote = {Provided by the SAO/NASA Astrophysics Data System}
}
@ARTICLE{dlfm99,
       author = {{de la Fuente Marcos}, C. and {de la Fuente Marcos}, R.},
        title = "{Runaway planets}",
      journal = {\na},
         year = 1999,
        month = feb,
       volume = {4},
       number = {1},
        pages = {21-32},
          doi = {10.1016/S1384-1076(98)00043-8},
       adsurl = {https://ui.adsabs.harvard.edu/abs/1999NewA....4...21D},
      adsnote = {Provided by the SAO/NASA Astrophysics Data System}
}

@ARTICLE{pro09,
       author = {{Proszkow}, Eva-Marie and {Adams}, Fred C.},
        title = "{Dynamical Evolution of Young Embedded Clusters: A Parameter Space Survey}",
      journal = {\apjs},
     keywords = {open clusters and associations: general, planets and satellites: formation, stars: formation, stellar dynamics, Astrophysics - Solar and Stellar Astrophysics, Astrophysics - Earth and Planetary Astrophysics},
         year = 2009,
        month = dec,
       volume = {185},
       number = {2},
        pages = {486-510},
          doi = {10.1088/0067-0049/185/2/486},
archivePrefix = {arXiv},
       eprint = {0910.4679},
 primaryClass = {astro-ph.SR},
       adsurl = {https://ui.adsabs.harvard.edu/abs/2009ApJS..185..486P},
      adsnote = {Provided by the SAO/NASA Astrophysics Data System}
}

@INPROCEEDINGS{all07,
       author = {{Allen}, L. and {Megeath}, S.~T. and {Gutermuth}, R. and {Myers}, P.~C. and {Wolk}, S. and {Adams}, F.~C. and {Muzerolle}, J. and {Young}, E. and {Pipher}, J.~L.},
        title = "{The Structure and Evolution of Young Stellar Clusters}",
     keywords = {Astrophysics},
    booktitle = {Protostars and Planets V},
         year = 2007,
       editor = {{Reipurth}, Bo and {Jewitt}, David and {Keil}, Klaus},
        month = jan,
        pages = {361},
archivePrefix = {arXiv},
       eprint = {astro-ph/0603096},
 primaryClass = {astro-ph},
       adsurl = {https://ui.adsabs.harvard.edu/abs/2007prpl.conf..361A},
      adsnote = {Provided by the SAO/NASA Astrophysics Data System}
}

@ARTICLE{raf05,
       author = {{Rafikov}, Roman R.},
        title = "{Can Giant Planets Form by Direct Gravitational Instability?}",
      journal = {\apjl},
     keywords = {Planets and Satellites: Formation, Solar System: Formation, Astrophysics},
         year = 2005,
        month = mar,
       volume = {621},
       number = {1},
        pages = {L69-L72},
          doi = {10.1086/428899},
archivePrefix = {arXiv},
       eprint = {astro-ph/0406469},
 primaryClass = {astro-ph},
       adsurl = {https://ui.adsabs.harvard.edu/abs/2005ApJ...621L..69R},
      adsnote = {Provided by the SAO/NASA Astrophysics Data System}
}

@ARTICLE{lee16,
       author = {{Lee}, Eve J. and {Chiang}, Eugene},
        title = "{Breeding Super-Earths and Birthing Super-puffs in Transitional Disks}",
      journal = {\apj},
     keywords = {planets and satellites: atmospheres, planets and satellites: formation, Astrophysics - Earth and Planetary Astrophysics},
         year = 2016,
        month = feb,
       volume = {817},
       number = {2},
          eid = {90},
        pages = {90},
          doi = {10.3847/0004-637X/817/2/90},
archivePrefix = {arXiv},
       eprint = {1510.08855},
 primaryClass = {astro-ph.EP},
       adsurl = {https://ui.adsabs.harvard.edu/abs/2016ApJ...817...90L},
      adsnote = {Provided by the SAO/NASA Astrophysics Data System}
}

@ARTICLE{chi13,
       author = {{Chiang}, Eugene and {Laughlin}, Gregory},
        title = "{The minimum-mass extrasolar nebula: in situ formation of close-in super-Earths}",
      journal = {\mnras},
     keywords = {planets and satellites: atmospheres, planets and satellites: composition, planets and satellites: formation, planets and satellites: general, protoplanetary discs, Astrophysics - Earth and Planetary Astrophysics},
         year = 2013,
        month = jun,
       volume = {431},
       number = {4},
        pages = {3444-3455},
          doi = {10.1093/mnras/stt424},
archivePrefix = {arXiv},
       eprint = {1211.1673},
 primaryClass = {astro-ph.EP},
       adsurl = {https://ui.adsabs.harvard.edu/abs/2013MNRAS.431.3444C},
      adsnote = {Provided by the SAO/NASA Astrophysics Data System}
}

@ARTICLE{lin96,
       author = {{Lin}, D.~N.~C. and {Bodenheimer}, P. and {Richardson}, D.~C.},
        title = "{Orbital migration of the planetary companion of 51 Pegasi to its present location}",
      journal = {\nat},
         year = 1996,
        month = apr,
       volume = {380},
       number = {6575},
        pages = {606-607},
          doi = {10.1038/380606a0},
       adsurl = {https://ui.adsabs.harvard.edu/abs/1996Natur.380..606L},
      adsnote = {Provided by the SAO/NASA Astrophysics Data System}
}

@ARTICLE{may95,
       author = {{Mayor}, Michel and {Queloz}, Didier},
        title = "{A Jupiter-mass companion to a solar-type star}",
      journal = {\nat},
         year = 1995,
        month = nov,
       volume = {378},
       number = {6555},
        pages = {355-359},
          doi = {10.1038/378355a0},
       adsurl = {https://ui.adsabs.harvard.edu/abs/1995Natur.378..355M},
      adsnote = {Provided by the SAO/NASA Astrophysics Data System}
}

@ARTICLE{gol80,
       author = {{Goldreich}, P. and {Tremaine}, S.},
        title = "{Disk-satellite interactions.}",
      journal = {\apj},
     keywords = {Jupiter (Planet), Momentum Transfer, Natural Satellites, Planetary Evolution, Protoplanets, Angular Momentum, Celestial Mechanics, Resonance, Solar System, Astronomy, Jupiter:Protoplanetary Nebula, Planetary Rings:Planetary Satellites},
         year = 1980,
        month = oct,
       volume = {241},
        pages = {425-441},
          doi = {10.1086/158356},
       adsurl = {https://ui.adsabs.harvard.edu/abs/1980ApJ...241..425G},
      adsnote = {Provided by the SAO/NASA Astrophysics Data System}
}

@ARTICLE{duf15,
       author = {{Duffell}, Paul C. and {Chiang}, Eugene},
        title = "{Eccentric Jupiters via Disk-Planet Interactions}",
      journal = {\apj},
     keywords = {hydrodynamics, planet─disk interactions, planets and satellites: formation, protoplanetary disks, Astrophysics - Earth and Planetary Astrophysics},
         year = 2015,
        month = oct,
       volume = {812},
       number = {2},
          eid = {94},
        pages = {94},
          doi = {10.1088/0004-637X/812/2/94},
archivePrefix = {arXiv},
       eprint = {1507.08667},
 primaryClass = {astro-ph.EP},
       adsurl = {https://ui.adsabs.harvard.edu/abs/2015ApJ...812...94D},
      adsnote = {Provided by the SAO/NASA Astrophysics Data System}
}

@ARTICLE{lee97,
       author = {{Lee}, Man Hoi and {Duncan}, Martin J. and {Levison}, Harold F.},
        title = "{Variable Timestep Integrators for Long-Term Orbital Integrations}",
      journal = {arXiv e-prints},
     keywords = {Astrophysics},
         year = 1997,
        month = mar,
          eid = {astro-ph/9703117},
        pages = {astro-ph/9703117},
archivePrefix = {arXiv},
       eprint = {astro-ph/9703117},
 primaryClass = {astro-ph},
       adsurl = {https://ui.adsabs.harvard.edu/abs/1997astro.ph..3117L},
      adsnote = {Provided by the SAO/NASA Astrophysics Data System}
}

@INPROCEEDINGS{lee97conf,
       author = {{Lee}, Man Hoi and {Duncan}, Martin J. and {Levison}, Harold F.},
        title = "{Variable Time Step Integrators for Long-Term Orbital Integrations}",
    booktitle = {Computational Astrophysics; 12th Kingston Meeting on Theoretical Astrophysics},
         year = 1997,
       editor = {{Clarke}, D.~A. and {West}, M.~J.},
       series = {Astronomical Society of the Pacific Conference Series},
       volume = {12},
        month = jan,
        pages = {32},
       adsurl = {https://ui.adsabs.harvard.edu/abs/1997ASPC..123...32L},
      adsnote = {Provided by the SAO/NASA Astrophysics Data System}
}

@article{pet19,
   title={High-order regularised symplectic integrator for collisional planetary systems},
   volume={628},
   ISSN={1432-0746},
   url={http://dx.doi.org/10.1051/0004-6361/201935786},
   DOI={10.1051/0004-6361/201935786},
   journal={Astronomy & Astrophysics},
   publisher={EDP Sciences},
   author={Petit, Antoine C. and Laskar, Jacques and Boué, Gwenaël and Gastineau, Mickaël},
   year={2019},
   month={Jul},
   pages={A32}
}

@ARTICLE{moe10,
       author = {{Moeckel}, Nickolas and {Bate}, Matthew R.},
        title = "{On the evolution of a star cluster and its multiple stellar systems following gas dispersal}",
      journal = {\mnras},
     keywords = {methods: N-body simulations, binaries: general, stars: formation, stars: low-mass, brown dwarfs, Astrophysics - Solar and Stellar Astrophysics, Astrophysics - Astrophysics of Galaxies},
         year = 2010,
        month = may,
       volume = {404},
       number = {2},
        pages = {721-737},
          doi = {10.1111/j.1365-2966.2010.16347.x},
archivePrefix = {arXiv},
       eprint = {1001.3417},
 primaryClass = {astro-ph.SR},
       adsurl = {https://ui.adsabs.harvard.edu/abs/2010MNRAS.404..721M},
      adsnote = {Provided by the SAO/NASA Astrophysics Data System}
}

@ARTICLE{kro95,
       author = {{Kroupa}, Pavel},
        title = "{Inverse dynamical population synthesis and star formation}",
      journal = {\mnras},
     keywords = {Astrophysics},
         year = 1995,
        month = dec,
       volume = {277},
        pages = {1491},
          doi = {10.1093/mnras/277.4.1491},
archivePrefix = {arXiv},
       eprint = {astro-ph/9508117},
 primaryClass = {astro-ph},
       adsurl = {https://ui.adsabs.harvard.edu/abs/1995MNRAS.277.1491K},
      adsnote = {Provided by the SAO/NASA Astrophysics Data System}
}

@ARTICLE{hep78,
       author = {{Heppenheimer}, T.~A.},
        title = "{On the formation of planets in binary star systems.}",
      journal = {\aap},
     keywords = {Binary Stars, Interstellar Matter, Planetary Evolution, Companion Stars, Long Term Effects, Natural Satellites, Solar System, Stellar Mass, Variable Stars, Astrophysics, Binaries:Planets, Formation:Planets},
         year = 1978,
        month = may,
       volume = {65},
       number = {3},
        pages = {421-426},
       adsurl = {https://ui.adsabs.harvard.edu/abs/1978A&A....65..421H},
      adsnote = {Provided by the SAO/NASA Astrophysics Data System}
}

@ARTICLE{hua60,
       author = {{Huang}, Su-Shu},
        title = "{Life-Supporting Regions in the Vicinity of Binary Systems}",
      journal = {\pasp},
         year = 1960,
        month = apr,
       volume = {72},
       number = {425},
        pages = {106},
          doi = {10.1086/127489},
       adsurl = {https://ui.adsabs.harvard.edu/abs/1960PASP...72..106H},
      adsnote = {Provided by the SAO/NASA Astrophysics Data System}
}

@ARTICLE{yos90,
       author = {{Yoshida}, Haruo},
        title = "{Construction of higher order symplectic integrators}",
      journal = {Physics Letters A},
         year = 1990,
        month = nov,
       volume = {150},
       number = {5-7},
        pages = {262-268},
          doi = {10.1016/0375-9601(90)90092-3},
       adsurl = {https://ui.adsabs.harvard.edu/abs/1990PhLA..150..262Y},
      adsnote = {Provided by the SAO/NASA Astrophysics Data System}
}

@ARTICLE{ric00,
       author = {{Richardson}, Derek C. and {Quinn}, Thomas and {Stadel}, Joachim and {Lake}, George},
        title = "{Direct Large-Scale N-Body Simulations of Planetesimal Dynamics}",
      journal = {\icarus},
         year = 2000,
        month = jan,
       volume = {143},
       number = {1},
        pages = {45-59},
          doi = {10.1006/icar.1999.6243},
       adsurl = {https://ui.adsabs.harvard.edu/abs/2000Icar..143...45R},
      adsnote = {Provided by the SAO/NASA Astrophysics Data System}
}

@ARTICLE{alb12,
       author = {{Albrecht}, Simon and {Winn}, Joshua N. and {Johnson}, John A. and {Howard}, Andrew W. and {Marcy}, Geoffrey W. and {Butler}, R. Paul and {Arriagada}, Pamela and {Crane}, Jeffrey D. and {Shectman}, Stephen A. and {Thompson}, Ian B. and {Hirano}, Teruyuki and {Bakos}, Gaspar and {Hartman}, Joel D.},
        title = "{Obliquities of Hot Jupiter Host Stars: Evidence for Tidal Interactions and Primordial Misalignments}",
      journal = {\apj},
     keywords = {planetary systems, planets and satellites: formation, planet-star interactions, stars: rotation, techniques: spectroscopic, Astrophysics - Solar and Stellar Astrophysics, Astrophysics - Earth and Planetary Astrophysics},
         year = 2012,
        month = sep,
       volume = {757},
       number = {1},
          eid = {18},
        pages = {18},
          doi = {10.1088/0004-637X/757/1/18},
archivePrefix = {arXiv},
       eprint = {1206.6105},
 primaryClass = {astro-ph.SR},
       adsurl = {https://ui.adsabs.harvard.edu/abs/2012ApJ...757...18A},
      adsnote = {Provided by the SAO/NASA Astrophysics Data System}
}

@ARTICLE{wu03,
       author = {{Wu}, Y. and {Murray}, N.},
        title = "{Planet Migration and Binary Companions: The Case of HD 80606b}",
      journal = {\apj},
     keywords = {Stars: Planetary Systems, Stars: Individual: Henry Draper Number: HD 80606b, Astrophysics},
         year = 2003,
        month = may,
       volume = {589},
       number = {1},
        pages = {605-614},
          doi = {10.1086/374598},
archivePrefix = {arXiv},
       eprint = {astro-ph/0303010},
 primaryClass = {astro-ph},
       adsurl = {https://ui.adsabs.harvard.edu/abs/2003ApJ...589..605W},
      adsnote = {Provided by the SAO/NASA Astrophysics Data System}
}

@ARTICLE{bea12,
       author = {{Beaug{\'e}}, C. and {Nesvorn{\'y}}, D.},
        title = "{Multiple-planet Scattering and the Origin of Hot Jupiters}",
      journal = {\apj},
     keywords = {methods: numerical, planets and satellites: general, planet-star interactions, Astrophysics - Earth and Planetary Astrophysics},
         year = 2012,
        month = jun,
       volume = {751},
       number = {2},
          eid = {119},
        pages = {119},
          doi = {10.1088/0004-637X/751/2/119},
archivePrefix = {arXiv},
       eprint = {1110.4392},
 primaryClass = {astro-ph.EP},
       adsurl = {https://ui.adsabs.harvard.edu/abs/2012ApJ...751..119B},
      adsnote = {Provided by the SAO/NASA Astrophysics Data System}
}

@ARTICLE{nao11,
       author = {{Naoz}, Smadar and {Farr}, Will M. and {Lithwick}, Yoram and {Rasio}, Frederic A. and {Teyssandier}, Jean},
        title = "{Hot Jupiters from secular planet-planet interactions}",
      journal = {\nat},
     keywords = {Astrophysics - Earth and Planetary Astrophysics},
         year = 2011,
        month = may,
       volume = {473},
       number = {7346},
        pages = {187-189},
          doi = {10.1038/nature10076},
archivePrefix = {arXiv},
       eprint = {1011.2501},
 primaryClass = {astro-ph.EP},
       adsurl = {https://ui.adsabs.harvard.edu/abs/2011Natur.473..187N},
      adsnote = {Provided by the SAO/NASA Astrophysics Data System}
}

@ARTICLE{pet15b,
       author = {{Petrovich}, Cristobal},
        title = "{Hot Jupiters from Coplanar High-eccentricity Migration}",
      journal = {\apj},
     keywords = {planetary systems, planets and satellites: dynamical evolution and stability, planets and satellites: formation, Astrophysics - Earth and Planetary Astrophysics},
         year = 2015,
        month = may,
       volume = {805},
       number = {1},
          eid = {75},
        pages = {75},
          doi = {10.1088/0004-637X/805/1/75},
archivePrefix = {arXiv},
       eprint = {1409.8296},
 primaryClass = {astro-ph.EP},
       adsurl = {https://ui.adsabs.harvard.edu/abs/2015ApJ...805...75P},
      adsnote = {Provided by the SAO/NASA Astrophysics Data System}
}

@ARTICLE{pet15a,
       author = {{Petrovich}, Cristobal},
        title = "{Steady-state Planet Migration by the Kozai-Lidov Mechanism in Stellar Binaries}",
      journal = {\apj},
     keywords = {binaries: general, planetary systems, planets and satellites: dynamical evolution and stability, planets and satellites: formation, Astrophysics - Earth and Planetary Astrophysics},
         year = 2015,
        month = jan,
       volume = {799},
       number = {1},
          eid = {27},
        pages = {27},
          doi = {10.1088/0004-637X/799/1/27},
archivePrefix = {arXiv},
       eprint = {1405.0280},
 primaryClass = {astro-ph.EP},
       adsurl = {https://ui.adsabs.harvard.edu/abs/2015ApJ...799...27P},
      adsnote = {Provided by the SAO/NASA Astrophysics Data System}
}

@ARTICLE{nag08,
       author = {{Nagasawa}, M. and {Ida}, S. and {Bessho}, T.},
        title = "{Formation of Hot Planets by a Combination of Planet Scattering, Tidal Circularization, and the Kozai Mechanism}",
      journal = {\apj},
     keywords = {celestial mechanics, planetary systems: formation, solar system: formation, Astrophysics},
         year = 2008,
        month = may,
       volume = {678},
       number = {1},
        pages = {498-508},
          doi = {10.1086/529369},
archivePrefix = {arXiv},
       eprint = {0801.1368},
 primaryClass = {astro-ph},
       adsurl = {https://ui.adsabs.harvard.edu/abs/2008ApJ...678..498N},
      adsnote = {Provided by the SAO/NASA Astrophysics Data System}
}

@ARTICLE{sch10,
       author = {{Schlaufman}, Kevin C.},
        title = "{Evidence of Possible Spin-orbit Misalignment Along the Line of Sight in Transiting Exoplanet Systems}",
      journal = {\apj},
     keywords = {planetary systems, planets and satellites: formation, stars: rotation, stars: statistics, Astrophysics - Earth and Planetary Astrophysics, Astrophysics - Solar and Stellar Astrophysics},
         year = 2010,
        month = aug,
       volume = {719},
       number = {1},
        pages = {602-611},
          doi = {10.1088/0004-637X/719/1/602},
archivePrefix = {arXiv},
       eprint = {1006.2851},
 primaryClass = {astro-ph.EP},
       adsurl = {https://ui.adsabs.harvard.edu/abs/2010ApJ...719..602S},
      adsnote = {Provided by the SAO/NASA Astrophysics Data System}
}

@ARTICLE{par09binaries,
       author = {{Parker}, Richard J. and {Goodwin}, Simon P. and {Kroupa}, Pavel and {Kouwenhoven}, M.~B.~N.},
        title = "{Do binaries in clusters form in the same way as in the field?}",
      journal = {\mnras},
     keywords = {methods: N-body simulations, binaries: general, stars: formation, open clusters and associations: general, Astrophysics - Astrophysics of Galaxies},
         year = 2009,
        month = aug,
       volume = {397},
       number = {3},
        pages = {1577-1586},
          doi = {10.1111/j.1365-2966.2009.15032.x},
archivePrefix = {arXiv},
       eprint = {0905.2140},
 primaryClass = {astro-ph.GA},
       adsurl = {https://ui.adsabs.harvard.edu/abs/2009MNRAS.397.1577P},
      adsnote = {Provided by the SAO/NASA Astrophysics Data System}
}

@ARTICLE{par09kozai,
       author = {{Parker}, Richard J. and {Goodwin}, Simon P.},
        title = "{The role of cluster evolution in disrupting planetary systems and discs: the Kozai mechanism}",
      journal = {\mnras},
     keywords = {methods: N-body simulations, stars: formation, planetary systems, open clusters and associations: general, Astrophysics - Earth and Planetary Astrophysics, Astrophysics - Astrophysics of Galaxies},
         year = 2009,
        month = aug,
       volume = {397},
       number = {2},
        pages = {1041-1045},
          doi = {10.1111/j.1365-2966.2009.15037.x},
archivePrefix = {arXiv},
       eprint = {0905.0815},
 primaryClass = {astro-ph.EP},
       adsurl = {https://ui.adsabs.harvard.edu/abs/2009MNRAS.397.1041P},
      adsnote = {Provided by the SAO/NASA Astrophysics Data System}
}




























































































